@BOOK{McEneryXiaoTono2006,
  AUTHOR = {McEnery, Tony and Xiao, Richard and Tono, Yukio},
  LOCATION = {London and New York},
  PUBLISHER = {Routledge},
  DATE = {2006},
  TITLE = {Corpus-based language studies. {A}n advanced resource book},
}

@INCOLLECTION{Geyken2007,
  AUTHOR = {Geyken, Alexander},
  EDITOR = {Fellbaum, Christiane},
  LOCATION = {London},
  PUBLISHER = {Continuum Press},
  BOOKTITLE = {Collocations and Idioms: {L}inguistic, Lexicographic, and Computational Aspects},
  DATE = {2007},
  TITLE = {The {DWDS} Corpus: A Reference Corpus for the {German} Language of the 20th Century},
}

@INCOLLECTION{Leech2007,
  AUTHOR = {Leech, Geoffrey},
  EDITOR = {Hundt, Marianne and Nesselhauf, Nadja and Biewer, Carolin},
  LOCATION = {Amsterdam and New York},
  PUBLISHER = {Rodopi},
  BOOKTITLE = {Corpus linguistics and the web},
  DATE = {2007},
  PAGES = {133--149},
  TITLE = {New resources or just better old ones? {T}he {H}oly {Grail} of representativeness},
}

@ARTICLE{Biber1993,
  AUTHOR = {Biber, Douglas},
  DATE = {1993},
  JOURNALTITLE = {Literary and Linguistic Computing},
  NUMBER = {4},
  PAGES = {243--257},
  TITLE = {Representativeness in corpus design},
  VOLUME = {8},
}

@INCOLLECTION{Hunston2008,
  AUTHOR = {Hunston, Susan},
  EDITOR = {Lüdeling, Anke and Kytö, Merja},
  LOCATION = {Berlin},
  PUBLISHER = {Walter de Gruyter},
  BOOKTITLE = {Corpus Linguistics. {A}n International Handbook},
  DATE = {2008},
  PAGES = {154--168},
  TITLE = {Collection strategies and design decisions},
  VOLUME = {1},
}

@ARTICLE{AtkinsClearOstler1992,
  AUTHOR = {Atkins, Sue and Clear, Jeremy and Ostler, Nicholas},
  DATE = {1992},
  JOURNALTITLE = {Literary and Linguistic Computing},
  NUMBER = {1},
  PAGES = {1--16},
  TITLE = {Corpus design criteria},
  VOLUME = {7},
}

@REPORT{Sinclair1996,
  AUTHOR = {Sinclair, John},
  INSTITUTION = {Expert Advisory Group on Language Engineering Standards document},
  DATE = {1996},
  NUMBER = {EAG--TCWG--CTYP/P},
  TITLE = {Preliminary recommendations on corpus typology},
  TYPE = {techreport},
}

@INCOLLECTION{Sharoff2006,
  AUTHOR = {Sharoff, Serge},
  EDITOR = {Baroni, Marco and Bernardini, Silvia},
  LOCATION = {Bologna},
  PUBLISHER = {GEDIT},
  BOOKTITLE = {Wacky! Working papers on the Web as Corpus},
  DATE = {2006},
  TITLE = {Creating General-Purpose Corpora Using Automated Search Engine Queries},
}

@INCOLLECTION{BiberKurjian2007,
  AUTHOR = {Biber, Douglas and Kurjian, Jerry},
  EDITOR = {Hundt, Marianne and Nesselhauf, Nadja and Biewer, Carolin},
  LOCATION = {Amsterdam and New York},
  PUBLISHER = {Rodopi},
  BOOKTITLE = {Corpus linguistics and the web},
  DATE = {2007},
  PAGES = {109--131},
  TITLE = {Towards a taxonomy of web registers an text types: a multidimensional analysis},
}

@BOOK{MehlerSharoffSantini-ed2010,
  EDITOR = {Mehler, Alexander and Sharoff, Serge and Santini, Marina},
  LOCATION = {New York},
  PUBLISHER = {Springer},
  ANNOTATION = {LDR 00870nam 22002295a 4500 001 16354105 005 20100729090514.0 008 100729s2010 nyu 000 0 eng 906 $a0$bibc$corignew$d2$eepcn$f20$gy-gencatlg 925 0 $aacquire$b2 shelf copies$xpolicy default 955 $apc17 2010-07-29 010 $a 2010933721 020 $a9789048191772 (hardcover : alk. paper) 040 $aDLC$cDLC 042 $apcc 245 00 $aGenres on the web :$bcomputational models and empirical studies /$c[edited by] Alexander Mehler, Serge Sharoff, Marina Santini. 250 $a1st ed. 260 $aNew York :$bSpringer,$c2010. 263 $a1008 300 $ap. cm. 490 0 $aText, speech and language technology ;$v42 963 $aKaren Jessie; phone: (+91) 413-4212119; fax: (+91) 413-4212122; email: karen.jessie@integra-india.com; bc: reinhold.joest@springer.com},
  DATE = {2010},
  ISBN = {9789048191772 (hardcover : alk. paper)},
  SERIES = {Text, speech and language technology},
  TITLE = {Genres on the web: computational models and empirical studies},
  VOLUME = {42},
}

@INPROCEEDINGS{Rehm-ea2008,
  AUTHOR = {Rehm, Georg and Santini, Marina and Mehler, Alexander and Braslavski, Pavel and Gleim, Rüdiger and Stubbe, Andrea and Symonenko, Svetlana and Tavosanis, Mirko and Vidulin, Vedrana},
  EDITOR = {Chair), Nicoletta Calzolari (Conference and Choukri, Khalid and Maegaard, Bente and Mariani, Joseph and Odjik, Jan and Piperidis, Stelios and Tapias, Daniel},
  LOCATION = {Marrakech, Morocco},
  PUBLISHER = {European Language Resources Association (ELRA)},
  BOOKTITLE = {Proceedings of the Sixth International Conference on Language Resources and Evaluation (LREC'08)},
  DATE = {2008-09},
  TITLE = {Towards a reference corpus of web genres for the evaluation of genre identification systems},
}

@INPROCEEDINGS{Kupietz-ea2010,
  AUTHOR = {Kupietz, Marc and Belica, Cyril and Keibel, Holger and Witt, Andreas},
  EDITOR = {Calzolari, Nicoletta and Choukri, Khalid and Maegaard, Bente and Mariani, Joseph and Odijk, Jan and Piperidis, Stelios and Rosner, Mike and Tapias, Daniel},
  LOCATION = {Valletta, Malta},
  PUBLISHER = {European Language Resources Association (ELRA)},
  BOOKTITLE = {Proceedings of the Seventh International Conference on Language Resources and Evaluation {(LREC '10)}},
  DATE = {2010},
  PAGES = {1848--1854},
  TITLE = {The {German} Reference Corpus {DeReKo}: A Primordial Sample for Linguistic Research},
}

@INCOLLECTION{Abeille-ea2003,
  AUTHOR = {Abeillé, Anne and Clément, Lionel and Toussenel, François},
  EDITOR = {Abeillé, Anne},
  LOCATION = {Dordrecht},
  PUBLISHER = {Kluwer},
  BOOKTITLE = {Treebanks},
  DATE = {2003},
  PAGES = {165--187},
  TITLE = {Building a treebank for {F}rench},
}

@ARTICLE{PalmerHearst1997,
  AUTHOR = {Palmer, David D. and Hearst, Marti A.},
  DATE = {1997},
  JOURNALTITLE = {Computational Linguistics},
  NUMBER = {2},
  PAGES = {241--267},
  TITLE = {Adaptive multilingual sentence boundary disambiguation},
  VOLUME = {23},
}

@REPORT{Schmid2000,
  AUTHOR = {Schmid, Helmut},
  INSTITUTION = {IMS, Universität Stuttgart},
  DATE = {2000-05},
  TITLE = {Unsupervised Learning of Period Disambiguation for Tokenisation},
  TYPE = {Internal Report},
}

@ARTICLE{KissStrunk2006,
  AUTHOR = {Kiss, Tibor and Strunk, Jan},
  DATE = {2006},
  JOURNALTITLE = {Computational Linguistics},
  NUMBER = {4},
  PAGES = {485--525},
  TITLE = {Unsupervised Multilingual Sentence Boundary Detection},
  VOLUME = {34},
}

@ARTICLE{Mikheev2002,
  AUTHOR = {Mikheev, Andrei},
  DATE = {2002},
  JOURNALTITLE = {Computational Linguistics},
  NUMBER = {3},
  PAGES = {289--318},
  TITLE = {Periods, {C}apitalized {W}ords, etc.},
  VOLUME = {28},
}

@INPROCEEDINGS{GrefenstetteTapanainen1994,
  AUTHOR = {Grefenstette, Gregory and Tapanainen, Pasi},
  BOOKTITLE = {Proceedings of 3rd Conference on Computatinal Lexicography and Text Research (COMPLEX 94), Budapest},
  DATE = {1994},
  PAGES = {79--87},
  TITLE = {What is a word, what is a sentence? Problems of tokenization},
}

@INCOLLECTION{Voutilainen2003,
  AUTHOR = {Voutilainen, Atro},
  EDITOR = {Mitkov, Ruslan},
  LOCATION = {Oxford},
  PUBLISHER = {Oxford University Press},
  CHAPTER = {11},
  DATE = {2003},
  PAGES = {219--232},
  TITLE = {Part-of-speech tagging},
}

@INPROCEEDINGS{Brill1992,
  AUTHOR = {Brill, Eric},
  LOCATION = {Harriman, New York},
  PUBLISHER = {Association for Computational Linguistics},
  BOOKTITLE = {Proceedings of the workshop on Speech and Natural Language},
  DATE = {1992},
  PAGES = {112--116},
  SERIES = {HLT '91},
  TITLE = {A simple rule-based part of speech tagger},
}

@ARTICLE{Brill1995,
  AUTHOR = {Brill, Eric},
  DATE = {1995},
  JOURNALTITLE = {Computational Linguistics},
  NUMBER = {4},
  PAGES = {543--565},
  TITLE = {Transformation-based error-driven learning and natural language processing: a case study in part-of-speech tagging},
  VOLUME = {21},
}

@INPROCEEDINGS{Schmid1994b,
  AUTHOR = {Schmid, Helmut},
  LOCATION = {Manchester, UK},
  BOOKTITLE = {Proceedings of International Conference on New Methods in Language Processing},
  DATE = {1994-09},
  TITLE = {Probabilistic Part-of-Speech Tagging Using Decision Trees},
}

@ARTICLE{Berger-ea1996,
  AUTHOR = {Berger, Adam L. and {Della Pietra}, Stephen A. and {Della Pietra}, Vincent J.},
  DATE = {1996},
  JOURNALTITLE = {Computational Linguistics},
  NUMBER = {1},
  PAGES = {39--71},
  TITLE = {A Maximum Entropy Approach to Natural Language Processing},
  VOLUME = {22},
}

@REPORT{Ratnaparkhi1998,
  AUTHOR = {Ratnaparkhi, Adwait},
  INSTITUTION = {University of Pennsylvania, Institute for Research in Cognitive Science},
  DATE = {1998},
  NUMBER = {IRCS-98-15},
  TITLE = {Maximum entropy models for natural language ambiguity resolution},
  TYPE = {IRCS Tech Report},
}

@INPROCEEDINGS{Schmid1994,
  AUTHOR = {Schmid, Helmut},
  BOOKTITLE = {COLING},
  DATE = {1994},
  PAGES = {172--176},
  TITLE = {Part-Of-Speech Tagging With Neural Networks},
}

@INPROCEEDINGS{Lafferty-ea2001,
  AUTHOR = {Lafferty, John D. and McCallum, Andrew and Pereira, Fernando C. N.},
  LOCATION = {San Francisco, CA, USA},
  PUBLISHER = {Morgan Kaufmann Publishers Inc.},
  BOOKTITLE = {Proceedings of the Eighteenth International Conference on Machine Learning},
  DATE = {2001},
  PAGES = {282--289},
  SERIES = {ICML '01},
  TITLE = {{Conditional Random Fields}: Probabilistic Models for Segmenting and Labeling Sequence Data},
}

@INPROCEEDINGS{GimenezMarquez2003,
  AUTHOR = {Giménez, Jesús and Màrquez, Lluı́s},
  EDITOR = {Nicolov, Nicolas and Bontcheva, Kalina and Angelova, Galia and Mitkov, Ruslan},
  PUBLISHER = {John Benjamins, Amsterdam/Philadelphia},
  BOOKTITLE = {RANLP},
  DATE = {2003},
  PAGES = {153--163},
  TITLE = {Fast and accurate part-of-speech tagging: {T}he {SVM} approach revisited},
}

@INPROCEEDINGS{frog,
  AUTHOR = {{van den Bosch}, Antal and Busser, Bertjan and Canisius, Sander and Daelemans, Walter},
  EDITOR = {Dirix, Peter and Schuurman, Ineke and Vandeghinste, Vincent and {Van Eynde}, Frank},
  LOCATION = {Utrecht},
  PUBLISHER = {LOT},
  BOOKTITLE = {Selected Papers of the 17th Computational Linguistics in the Netherlands Meeting (Leuven, Belgium)},
  DATE = {2007},
  PAGES = {99--114},
  TITLE = {An efficient memory-based morphosyntactic tagger and parser for {Dutch}},
}

@ARTICLE{ChurchMercer1993,
  AUTHOR = {Church, Kenneth W. and Mercer, Robert L.},
  DATE = {1993},
  JOURNALTITLE = {Computational Linguistics},
  NUMBER = {1},
  PAGES = {1--24},
  TITLE = {Introduction to the special issue on computational linguistics using large corpora},
  VOLUME = {19},
}

@INPROCEEDINGS{GiesbrechtEvert2009,
  AUTHOR = {Giesbrecht, Eugenie and Evert, Stefan},
  EDITOR = {Alegria, Iñaki and Leturia, Igor and Sharoff, Serge},
  LOCATION = {San Sebastián},
  PUBLISHER = {Elhuyar Fundazioa},
  BOOKTITLE = {Proceedings of the Fifth Web as Corpus Workshop (WAC5)},
  DATE = {2009},
  PAGES = {27--35},
  TITLE = {Part-of-Speech {(POS)} Tagging -- a Solved Task? An Evaluation of {POS} Taggers for the {German Web as Corpus}},
}

@MANUAL{Schiller-ea1999,
  AUTHOR = {Schiller, Anne and Teufel, Simone and Stöckert, Christine and Thielen, Christine},
  LOCATION = {Stuttgart and Tübingen},
  ORGANIZATION = {Institut für maschinelle Sprachverarbeitung, Universität Stuttgart and Institut für Sprachwissenschaft, Universität Tübingen},
  DATE = {1999-08},
  TITLE = {{Guidelines für das Tagging deutscher Textkorpora mit STTS (kleines und gro{ß}es Tagset)}},
}

@REPORT{Beisswenger-ea2015,
  AUTHOR = {Bei{ß}wenger, Michael and Bartz, Thomas and Storrer, Angelika and Westpfahl, Swantje},
  URL = {https://sites.google.com/site/empirist2015/home/annotation-guidelines},
  DATE = {2015},
  PAGES = {21},
  TITLE = {{T}agset und {R}ichtlinie für das {PoSTagging} von {S}prachdaten aus {G}enres internetbasierter {K}ommunikation},
  TYPE = {techreport},
}

@MISC{Beisswenger-ea2016,
  AUTHOR = {Bei{ß}wenger, Michael and Bartsch, Sabine and Evert, Stefan and Würzner, Kay-Michael},
  LOCATION = {Berlin},
  PUBLISHER = {Association for Computational Linguistics},
  URL = {http://aclanthology.coli.uni-saarland.de/pdf/W/W16/W16-2606.pdf},
  DATE = {2016},
  DOI = {10.18653/v1/W16-2606},
  PAGES = {44--56},
  TITLE = {EmpiriST 2015: A Shared Task on the Automatic Linguistic Annotation of Computer-Mediated Communication and Web Corpora},
}

@INPROCEEDINGS{Prange-ea2016,
  AUTHOR = {Prange, Jakob and Horbach, Andrea and Thater, Stefan},
  EDITOR = {Cook, Paul and Evert, Stefan and Schäfer, Roland and Stemle, Egon},
  LOCATION = {Berlin},
  PUBLISHER = {Association for Computational Linguistics},
  URL = {http://aclanthology.coli.uni-saarland.de/pdf/W/W16/W16-2608.pdf},
  BOOKTITLE = {Proceedings of the 10th Web as Corpus Workshop},
  DATE = {2016},
  DOI = {10.18653/v1/W16-2608},
  PAGES = {63--71},
  TITLE = {UdS-(retrain$|$distributional$|$surface): Improving {POS} Tagging for {OOV} Words in {G}erman {CMC} and Web Data},
}

@INPROCEEDINGS{PetrovDasMacDonald2012,
  AUTHOR = {Petrov, Slav and Das, Dipanjan and McDonald, Ryan},
  EDITOR = {Calzolari, Nicoletta and Choukri, Khalid and Declerck, Thierry and Doğan, Mehmet Uğur and Maegaard, Bente and Mariani, Joseph and Moreno, Asuncion and Odijk, Jan and Piperidis, Stelios},
  LANGUAGE = {english},
  LOCATION = {Istanbul, Turkey},
  PUBLISHER = {European Language Resources Association (ELRA)},
  BOOKTITLE = {Proceedings of the Eight International Conference on Language Resources and Evaluation (LREC'12)},
  DATE = {2012-05},
  ISBN = {978-2-9517408-7-7},
  TITLE = {A Universal Part-of-Speech Tagset},
}

@INPROCEEDINGS{Schmid1995,
  AUTHOR = {Schmid, Helmut},
  LOCATION = {Dublin, Ireland},
  BOOKTITLE = {Proceedings of the EACL SIGDAT-Workshop},
  DATE = {1995},
  TITLE = {Improvements in Part-of-Speech Tagging with an Application to {German}},
}

@INPROCEEDINGS{MuellerSchmidSchuetze2013,
  AUTHOR = {Müller, Thomas and Schmid, Helmut and Schütze, Hinrich},
  LOCATION = {Seattle, Washington, USA},
  PUBLISHER = {Association for Computational Linguistics},
  URL = {http://www.aclweb.org/anthology/D13-1032},
  BOOKTITLE = {Proceedings of the 2013 Conference on Empirical Methods in Natural Language Processing},
  DATE = {2013-10},
  PAGES = {322--332},
  TITLE = {Efficient Higher-Order {CRFs} for Morphological Tagging},
}

@BOOK{BirdKleinLoper2009,
  AUTHOR = {Bird, Steven and Klein, Ewan and Loper, Edward},
  PUBLISHER = {O'Reilly},
  DATE = {2009},
  TITLE = {Natural Language Processing with {P}ython. {A}nalyzing Text with the {N}atural {L}anguage {T}oolkit},
}

@INPROCEEDINGS{Toutanova-ea2003,
  AUTHOR = {Toutanova, Kristina and Klein, Dan and Manning, Christopher D. and Singer, Yoram},
  BOOKTITLE = {HLT-NAACL},
  DATE = {2003},
  TITLE = {Feature-Rich Part-of-Speech Tagging with a Cyclic Dependency Network},
}

@ARTICLE{FerrucciLally2004,
  AUTHOR = {Ferrucci, David and Lally, Adam},
  LOCATION = {New York, NY, USA},
  PUBLISHER = {Cambridge University Press},
  DATE = {2004-09},
  DOI = {10.1017/S1351324904003523},
  JOURNALTITLE = {Natural Language Engineering},
  NUMBER = {3-4},
  PAGES = {327--348},
  TITLE = {{UIMA: An Architectural Approach to Unstructured Information Processing in the Corporate Research Environment}},
  VOLUME = {10},
}

@MISC{Ferrucci-ea2009,
  AUTHOR = {Ferrucci, David and Lally, Adam and Verspoor, Karin and Nyberg, Eric},
  URL = {https://docs.oasis-open.org/uima/v1.0/uima-v1.0.html},
  DATE = {2009-03},
  HOWPUBLISHED = {OASIS Standard},
  TITLE = {Unstructured Information Management Architecture ({UIMA}) Version 1.0},
}

@INPROCEEDINGS{PadroStanislavsky2012,
  AUTHOR = {Padró, Lluı́s and Stanilovsky, Evgeny},
  EDITOR = {Calzolari, Nicoletta and Choukri, Khalid and Declerck, Thierry and Doğan, Mehmet Uğur and Maegaard, Bente and Mariani, Joseph and Moreno, Asuncion and Odijk, Jan and Piperidis, Stelios},
  LANGUAGE = {english},
  LOCATION = {Istanbul, Turkey},
  PUBLISHER = {European Language Resources Association (ELRA)},
  BOOKTITLE = {Proceedings of the Eight International Conference on Language Resources and Evaluation (LREC'12)},
  DATE = {2012-05},
  ISBN = {978-2-9517408-7-7},
  PAGES = {2473--2479},
  TITLE = {FreeLing 3.0: Towards Wider Multilinguality},
}

@REPORT{Cunningham-ea2014,
  AUTHOR = {Cunningham, Hamish and Maynard, Diana and Bontcheva, Kalina and Tablan, Valentin and Aswani, Niraj and Roberts, Ian and Gorrell, Genevieve and Funk, Adam and Roberts, Angus and Damljanovic, Danica and Heitz, Thomas and Greenwood, Mark A. and Saggion, Horacio and Petrak, Johann and Li, Yaoyong and Peters, Wim and Derczynski, Leon},
  INSTITUTION = {University of Sheffield Department of Computer Science},
  DATE = {2014-11},
  TITLE = {Developing Language Processing Components with GATE Version 8},
  TYPE = {techreport},
}

@INCOLLECTION{FitschenGupta2008,
  AUTHOR = {Fitschen, Arne and Gupta, Piklu},
  EDITOR = {Lüdeling, Anke and Kytö, Merja},
  LOCATION = {Berlin},
  PUBLISHER = {Walter de Gruyter},
  BOOKTITLE = {Corpus Linguistics. {A}n International Handbook},
  DATE = {2009},
  PAGES = {552--564},
  TITLE = {Lemmatising and morphological tagging},
  VOLUME = {2},
}

@ARTICLE{Porter1980,
  AUTHOR = {Porter, Martin F.},
  DATE = {1980},
  JOURNALTITLE = {Program},
  NUMBER = {3},
  PAGES = {130--137},
  TITLE = {An algorithm for suffix stripping},
  VOLUME = {14},
}

@INCOLLECTION{Goldsmith2010,
  AUTHOR = {Goldsmith, John A.},
  EDITOR = {Clark, Alexander and Fox, Chris and Lappin, Shalom},
  LOCATION = {Chichester},
  PUBLISHER = {Wiley-Backwell},
  BOOKTITLE = {The handbook of computational linguistics and natural language processing},
  DATE = {2010},
  PAGES = {364--393},
  TITLE = {Segmentation and morphology},
}

@INPROCEEDINGS{SchmidFitschenHeid2004,
  AUTHOR = {Schmid, Helmut and Fitschen, Arne and Heid, Ulrich},
  EDITOR = {Lino, Maria Teresa and Xavier, Maria Francisca and Ferreira, Fátima and Costa, Rute and Silva, Raquel},
  LOCATION = {Paris},
  PUBLISHER = {European Language Resources Association},
  BOOKTITLE = {Proceedings of the IVth International Conference on Language Resources and Evaluation (LREC 2004)},
  DATE = {2004},
  PAGES = {1263--1266},
  TITLE = {{SMOR}: {A} {G}erman Computational Morphology Covering Derivation, Composition, and Inflection},
}

@INPROCEEDINGS{McDonald-ea2013,
  AUTHOR = {McDonald, Ryan and Nivre, Joakim and Quirmbach-Brundage, Yvonne and Goldberg, Yoav and Das, Dipanjan and Ganchev, Kuzman and Hall, Keith and Petrov, Slav and Zhang, Hao and Täckström, Oscar and Bedini, Claudia and Bertomeu Castelló, Núria and Lee, Jungmee},
  LOCATION = {Sofia, Bulgaria},
  PUBLISHER = {Association for Computational Linguistics},
  URL = {http://www.aclweb.org/anthology/P13-2017},
  BOOKTITLE = {Proceedings of the 51st Annual Meeting of the Association for Computational Linguistics (Volume 2: Short Papers)},
  DATE = {2013-08},
  PAGES = {92--97},
  TITLE = {Universal Dependency Annotation for Multilingual Parsing},
}

@INPROCEEDINGS{DeMarneffe-ea2014,
  AUTHOR = {de Marneffe, Marie-Catherine and Dozat, Timothy and Silveira, Natalia and Haverinen, Katri and Ginter, Filip and Nivre, Joakim and Manning, Christopher D.},
  EDITOR = {Calzolari, Nicoletta and Choukri, Khalid and Declerck, Thierry and Loftsson, Hrafn and Maegaard, Bente and Mariani, Joseph and Moreno, Asuncion and Odijk, Jan and Piperidis, Stelios},
  LANGUAGE = {english},
  LOCATION = {Reykjavik, Iceland},
  PUBLISHER = {European Language Resources Association (ELRA)},
  BOOKTITLE = {Proceedings of the Ninth International Conference on Language Resources and Evaluation (LREC'14)},
  DATE = {2014-05},
  ISBN = {978-2-9517408-8-4},
  TITLE = {Universal Stanford dependencies: A cross-linguistic typology},
}

@INPROCEEDINGS{Zeman2008,
  AUTHOR = {Zeman, Daniel},
  EDITOR = {Calzolari, Nicoletta and Choukri, Khalid and Maegaard, Bente and Mariani, Joseph and Odijk, Jan and Piperidis, Stelios and Tapias, Daniel},
  LANGUAGE = {english},
  LOCATION = {Marrakech, Morocco},
  PUBLISHER = {European Language Resources Association (ELRA)},
  BOOKTITLE = {Proceedings of the Sixth International Conference on Language Resources and Evaluation (LREC'08)},
  DATE = {2008-05},
  ISBN = {2-9517408-4-0},
  NOTE = {http://www.lrec-conf.org/proceedings/lrec2008/},
  PAGES = {213--218},
  TITLE = {Reusable Tagset Conversion Using Tagset Drivers},
}

@ARTICLE{Schaefer2017,
  AUTHOR = {Schäfer, Roland},
  DATE = {2017-09},
  JOURNALTITLE = {Language Resources and Evaluation},
  NUMBER = {3},
  PAGES = {873--889},
  TITLE = {Accurate and efficient general-purpose boilerplate detection for crawled web corpora},
  VOLUME = {51},
}

@INPROCEEDINGS{Baroni-ea2008,
  AUTHOR = {Baroni, Marco and Chantree, Francis and Kilgarriff, Adam and Sharoff, Serge},
  LOCATION = {Marrakech},
  ORGANIZATION = {ELRA},
  BOOKTITLE = {Proceedings of {LREC 06}},
  DATE = {2008},
  PAGES = {638--643},
  TITLE = {{CleanEval}: {A} Competition for Cleaning Webpages},
}

@INPROCEEDINGS{Bauer-ea2007,
  AUTHOR = {Bauer, Daniel and Degen, Judith and Deng, Xiaoye and Herger, Priska and Gasthaus, Jan and Giesbrecht, Eugenie and Jansen, Lina and Kalina, Christin and Krüger, Thorben and Märtin, Robert and Schmidt, Martin and Scholler, Simon and Steger, Johannes and Stemle, Egon and Evert, Stefan},
  EDITOR = {Fairon, Cédrick and Naets, Hubert and Kilgarriff, Adam and de Schryver, Gilles-Maurice},
  LOCATION = {Louvain},
  PUBLISHER = {Presses universitaires de Louvain},
  BOOKTITLE = {Building and Exploring Web Corpora: {Proceedings} of the 3rd {Web as Corpus} Workshop (Incorporating {CLEANEVAL})},
  DATE = {2007},
  PAGES = {111--122},
  TITLE = {Filtering the Internet by Automatic Subtree Classification},
}

@INPROCEEDINGS{Evert2007,
  AUTHOR = {Evert, Stefan},
  EDITOR = {Fairon, Cédrick and Naets, Hubert and Kilgarriff, Adam and de Schryver, Gilles-Maurice},
  LOCATION = {Louvain},
  PUBLISHER = {Presses universitaires de Louvain},
  BOOKTITLE = {Building and Exploring Web Corpora: {Proceedings} of the 3rd {Web as Corpus} Workshop (Incorporating {CLEANEVAL})},
  DATE = {2007},
  PAGES = {123--134},
  TITLE = {{StupidOS}: {A} High-Precision Approach to Boilerplate Removal},
}

@INPROCEEDINGS{GaoAbou2007,
  AUTHOR = {Gao, Weizheng and Abou-Assaleh, Tony},
  EDITOR = {Fairon, Cédrick and Naets, Hubert and Kilgarriff, Adam and de Schryver, Gilles-Maurice},
  LOCATION = {Louvain},
  PUBLISHER = {Presses universitaires de Louvain},
  BOOKTITLE = {Building and Exploring Web Corpora: {Proceedings} of the 3rd {Web as Corpus} Workshop (Incorporating {CLEANEVAL})},
  DATE = {2007},
  PAGES = {135--140},
  TITLE = {{GenieKnows} Web Page Cleaning System},
}

@INPROCEEDINGS{Girardi2007,
  AUTHOR = {Girardi, Christian},
  EDITOR = {Fairon, Cédrick and Naets, Hubert and Kilgarriff, Adam and de Schryver, Gilles-Maurice},
  LOCATION = {Louvain},
  PUBLISHER = {Presses universitaires de Louvain},
  BOOKTITLE = {Building and Exploring Web Corpora: {Proceedings} of the 3rd {Web as Corpus} Workshop (Incorporating {CLEANEVAL})},
  DATE = {2007},
  PAGES = {141--144},
  TITLE = {Htmcleaner: {Extracting} the Relevant Text from the Web Pages},
}

@INPROCEEDINGS{HoffmannWeerkamp2007,
  AUTHOR = {Hoffmann, Katja and Weerkamp, Wouter},
  EDITOR = {Fairon, Cédrick and Naets, Hubert and Kilgarriff, Adam and de Schryver, Gilles-Maurice},
  LOCATION = {Louvain},
  PUBLISHER = {Presses universitaires de Louvain},
  BOOKTITLE = {Building and Exploring Web Corpora: {Proceedings} of the 3rd {Web as Corpus} Workshop (Incorporating {CLEANEVAL})},
  DATE = {2007},
  PAGES = {145--154},
  TITLE = {Web Corpus Cleaning Using Content and Structure},
}

@INPROCEEDINGS{Issac2007,
  AUTHOR = {Issac, Fabrice},
  EDITOR = {Fairon, Cédrick and Naets, Hubert and Kilgarriff, Adam and de Schryver, Gilles-Maurice},
  LOCATION = {Louvain},
  ORGANIZATION = {Presses universitaires de Louvain},
  BOOKTITLE = {Proceedings of the 3rd Web as Corpus Workshop (WAC 3) -- Building and Exploring Web Corpora},
  DATE = {2007},
  PAGES = {57--68},
  TITLE = {Yet Another Web Crawler},
}

@INPROCEEDINGS{Marek-ea2007,
  AUTHOR = {Marek, Michal and Pecina, Pavel and Spousta, Miroslav},
  EDITOR = {Fairon, Cédrick and Naets, Hubert and Kilgarriff, Adam and de Schryver, Gilles-Maurice},
  LOCATION = {Louvain},
  PUBLISHER = {Presses universitaires de Louvain},
  BOOKTITLE = {Building and Exploring Web Corpora: {Proceedings} of the 3rd {Web as Corpus} Workshop (Incorporating {CLEANEVAL})},
  DATE = {2007},
  PAGES = {155--162},
  TITLE = {Web Page Cleaning with {Conditional Random Fields}},
}

@INPROCEEDINGS{Saralegi-Leturia2007,
  AUTHOR = {Saralegi, Xabier and Leturia, Igor},
  EDITOR = {Fairon, Cédrick and Naets, Hubert and Kilgarriff, Adam and de Schryver, Gilles-Maurice},
  LOCATION = {Louvain},
  PUBLISHER = {Presses universitaires de Louvain},
  BOOKTITLE = {Building and Exploring Web Corpora: {Proceedings} of the 3rd {Web as Corpus} Workshop (Incorporating {CLEANEVAL})},
  DATE = {2007},
  PAGES = {163--167},
  TITLE = {Kimatu, a Tool for Cleaning Non-Content Text Parts from {HTML} Docs},
}

@ARTICLE{Baroni-ea2009,
  AUTHOR = {Baroni, Marco and Bernardini, Silvia and Ferraresi, Adriano and Zanchetta, Eros},
  DATE = {2009},
  JOURNALTITLE = {Language Resources and Evaluation},
  NUMBER = {3},
  PAGES = {209--226},
  TITLE = {The {WaCky Wide Web}: {A} Collection of Very Large Linguistically Processed Web-Crawled Corpora},
  VOLUME = {43},
}

@INPROCEEDINGS{Spousta2008,
  AUTHOR = {Spousta, Miroslav and Marek, Michal and Pecina, Pavel},
  EDITOR = {Evert, Stefan and Kilgarriff, Adam and Sharoff, Serge},
  LOCATION = {Marrakech},
  BOOKTITLE = {Proceedings of the 4th {Web as Corpus} Workshop},
  DATE = {2008},
  PAGES = {12--17},
  TITLE = {Victor: {The} Web-Page Cleaning Tool},
}

@THESIS{Pomikalek2011,
  AUTHOR = {Pomikálek, Jan},
  INSTITUTION = {Masaryk University Faculty of Informatics},
  LOCATION = {Brno},
  DATE = {2011},
  TITLE = {Removing Boilerplate and Duplicate Content from Web Corpora},
  TYPE = {phdthesis},
}

@BOOK{Krippendorff1980,
  AUTHOR = {Krippendorff, Klaus},
  LOCATION = {Beverly Hills},
  PUBLISHER = {Sage Publications},
  DATE = {1980},
  TITLE = {Content Analysis: An Introduction to its Methodology},
}

@ARTICLE{Carletta1996,
  AUTHOR = {Carletta, Jean},
  DATE = {1996},
  JOURNALTITLE = {Computational Linguistics},
  NUMBER = {2},
  PAGES = {249--254},
  TITLE = {Assessing Agreement on Classification Tasks: The Kappa Statistic},
  VOLUME = {22},
}

@ARTICLE{BayerlPaul2011,
  AUTHOR = {Bayerl, Petra Saskia and Paul, Karsten Ingmar},
  DATE = {2011},
  JOURNALTITLE = {Computational Linguistics},
  NUMBER = {4},
  PAGES = {699--725},
  TITLE = {What Determines Inter-Coder Agreement in Manual Annotations? A Meta-Analytic Investigation},
  VOLUME = {37},
}

@INPROCEEDINGS{Grefenstette1995,
  AUTHOR = {Grefenstette, Gregory},
  LOCATION = {Rome},
  BOOKTITLE = {Proceedings of the 3rd Internation conference on Statistical Analysis of Textual Data (JADT 1995)},
  DATE = {1995},
  PAGES = {263--268},
  TITLE = {Comparing two language identification schemes},
}

@INPROCEEDINGS{Schaefer-Bildhauer2012a,
  AUTHOR = {Schäfer, Roland and Bildhauer, Felix},
  EDITOR = {Calzolari, Nicoletta and Choukri, Khalid and Declerck, Thierry and Doğan, Mehmet Uğur and Maegaard, Bente and Mariani, Joseph and Odijk, Jan and Piperidis, Stelios},
  LOCATION = {Istanbul},
  PUBLISHER = {ELRA},
  BOOKTITLE = {Proceedings of the Eighth International Conference on Language Resources and Evaluation {(LREC '12)}},
  DATE = {2012},
  PAGES = {486--493},
  TITLE = {Building Large Corpora from the Web Using a New Efficient Tool Chain},
}

@BOOK{SchaeferBildhauer2013,
  AUTHOR = {Schäfer, Roland and Bildhauer, Felix},
  LOCATION = {San Francisco},
  PUBLISHER = {Morgan \& Claypool},
  DATE = {2013},
  SERIES = {Synthesis Lectures on Human Language Technologies},
  TITLE = {Web Corpus Construction},
}

@INPROCEEDINGS{LiuCurran2006,
  AUTHOR = {Liu, Vinci and Curran, James R.},
  BOOKTITLE = {11th Conference of the European Chapter of the Association for Computational Linguistics: EACL 2006},
  DATE = {2006},
  PAGES = {233--240},
  TITLE = {Web text corpus for natural language processing},
}

@ARTICLE{Gries2015,
  AUTHOR = {Gries, {Stefan Th.}},
  DATE = {2015},
  JOURNALTITLE = {Corpora},
  NUMBER = {1},
  PAGES = {95--126},
  TITLE = {The most underused statistical method in corpus linguistics: Multi-level (and mixed-effects) models},
  VOLUME = {10},
}

@INCOLLECTION{Sebastiani2005b,
  AUTHOR = {Sebastiani, Fabrizio},
  EDITOR = {{Laura C.} Rivero, {Jorge H.} Doorn and Ferraggine, {Viviana E.}},
  LOCATION = {Hershey, US},
  PUBLISHER = {dea Group Publishing},
  BOOKTITLE = {The Encyclopedia of Database Technologies and Applications},
  DATE = {2005},
  PAGES = {683--687},
  TITLE = {Text categorization},
}

@BOOK{Manning-ea2009,
  AUTHOR = {Manning, {Christopher D.} and Raghavan, Prabhakar and Schütze, Hinrich},
  LOCATION = {Cambridge},
  PUBLISHER = {cup},
  DATE = {2009},
  TITLE = {An Introduction to Information Retrieval},
}

@INPROCEEDINGS{KarlgrenCutting1994,
  AUTHOR = {Karlgren, Jussi and Cutting, Douglass},
  BOOKTITLE = {Proceedings of COLING 94},
  DATE = {1994},
  PAGES = {1071--1075},
  TITLE = {Recognizing text genres with simple metrics using discriminant analysis},
}

@INPROCEEDINGS{KesslerNunbergSchuetze1997,
  AUTHOR = {Kessler, Brett and Nunberg, Geoffrey and Schütze, Hinrich},
  LOCATION = {Madrid, Spain},
  PUBLISHER = {Association for Computational Linguistics},
  URL = {http://dx.doi.org/10.3115/976909.979622},
  BOOKTITLE = {Proceedings of the 35th Annual Meeting of the Association for Computational Linguistics and Eighth Conference of the European Chapter of the Association for Computational Linguistics},
  DATE = {1997},
  DOI = {10.3115/976909.979622},
  PAGES = {32--38},
  SERIES = {ACL '98},
  TITLE = {Automatic Detection of Text Genre},
}

@INPROCEEDINGS{LeeMyaeng2002,
  AUTHOR = {Lee, Yong-Bae and Myaeng, Sung Hyon},
  LOCATION = {Tampere, Finland},
  PUBLISHER = {ACM},
  URL = {http://doi.acm.org/10.1145/564376.564403},
  BOOKTITLE = {Proceedings of the 25th Annual International ACM SIGIR Conference on Research and Development in Information Retrieval},
  DATE = {2002},
  DOI = {10.1145/564376.564403},
  ISBN = {1-58113-561-0},
  KEYWORDS = {classification,idf,statistical method,subject categories,text genre,tf},
  PAGES = {145--150},
  SERIES = {SIGIR '02},
  TITLE = {Text Genre Classification with Genre-revealing and Subject-revealing Features},
}

@INPROCEEDINGS{FreundClarkToms2006,
  AUTHOR = {Freund, Luanne and Clarke, Charles L. A. and Toms, Elaine G.},
  LOCATION = {Copenhagen, Denmark},
  PUBLISHER = {ACM},
  URL = {http://doi.acm.org/10.1145/1164820.1164829},
  BOOKTITLE = {Proceedings of the 1st International Conference on Information Interaction in Context},
  DATE = {2006},
  DOI = {10.1145/1164820.1164829},
  ISBN = {1-59593-482-0},
  KEYWORDS = {contextual information retrieval,enterprise search,genre classification,genre-dependent applications},
  PAGES = {30--36},
  SERIES = {IIiX},
  TITLE = {Towards Genre Classification for IR in the Workplace},
}

@ARTICLE{KanarisStamatatos2009,
  AUTHOR = {Kanaris, Ioannis and Stamatatos, Efstathios},
  DATE = {2009},
  JOURNALTITLE = {Information Processing and Management},
  NUMBER = {5},
  PAGES = {499--512},
  TITLE = {Learning to Recognize Webpage Genres},
  VOLUME = {45},
}

@ARTICLE{BiberEgbert2015,
  AUTHOR = {Biber, Douglas and Egbert, Jesse},
  BOOKTITLE = {Using grammatical features for automatic register identification in an unrestricted corpus of documents from the open web},
  DATE = {2015},
  JOURNALTITLE = {Journal of Research Design and Statistics in Linguistics and Communication Science},
  PAGES = {3--36},
  TITLE = {Using grammatical features for automatic register identification in an unrestricted corpus of documents from the open web},
  VOLUME = {2},
}

@BOOK{Biber1988,
  AUTHOR = {Biber, Douglas},
  LOCATION = {Cambridge},
  PUBLISHER = {Cambridge University Press},
  URL = {http://www.loc.gov/catdir/toc/cam023/87038213.html},
  ANNOTATION = {LDR 01066pam 2200289 a 4500 001 4315225 005 20020903100646.0 008 871229s1988 enka b 001 0 eng 035 $9(DLC) 87038213 906 $a7$bcbc$corignew$d1$eocip$f19$gy-gencatlg 010 $a 87038213 020 $a0521320712 (U.S.) 040 $aDLC$cDLC$dDLC 050 00 $aP120.V37$bB54 1988 082 00 $a001.54$219 100 1 $aBiber, Douglas. 245 10 $aVariation across speech and writing /$cDouglas Biber. 260 $aCambridge [England] ;$aNew York :$bCambridge University Press,$c1988. 300 $axiii, 299 p. :$bill. ;$c24 cm. 504 $aBibliography: p. 280-291. 500 $aIncludes index. 650 0 $aLanguage and languages$xVariation. 650 0 $aOral communication. 650 0 $aWritten communication. 856 41 $3Table of contents$uhttp://www.loc.gov/catdir/toc/cam023/87038213.html 856 42 $3Publisher description$uhttp://www.loc.gov/catdir/description/cam023/87038213.html 991 $bc-GenColl$hP120.V37$iB54 1988$p00006034214$tCopy 1$wBOOKS HU ZwB Campus Nord i EG / Raum 0.25-0.27 - Freihandbestand HF 113 B581},
  DATE = {1988},
  ISBN = {0521320712 (U.S.)},
  TITLE = {Variation across speech and writing},
}

@ARTICLE{Blei2012,
  AUTHOR = {Blei, David M.},
  LOCATION = {New York, NY, USA},
  PUBLISHER = {ACM},
  URL = {http://doi.acm.org/10.1145/2133806.2133826},
  DATE = {2012-04},
  DOI = {10.1145/2133806.2133826},
  ISSN = {0001-0782},
  JOURNALTITLE = {Communications of the ACM},
  NUMBER = {4},
  PAGES = {77--84},
  TITLE = {Probabilistic Topic Models},
  VOLUME = {55},
}

@ARTICLE{BleiNgJordan2003,
  AUTHOR = {Blei, David M. and Ng, Andrew Y. and Jordan, Michael I.},
  DATE = {2003},
  JOURNALTITLE = {Journal of Machine Learning Research},
  PAGES = {993--1022},
  TITLE = {Latent Dirichlet Allocation},
  VOLUME = {3},
}

@ARTICLE{Deerwester-ea1990,
  AUTHOR = {Deerwester, Scott and Dumais, Susan T. and Furnas, George W. and Landauer, Thomas K. and Harshman, Richard},
  URL = {http://www.cob.unt.edu/itds/faculty/evangelopoulos/dsci5910/LSA_Deerwester1990.pdf},
  DATE = {1990},
  JOURNALTITLE = {Journal of the American Society of Information Science},
  KEYWORDS = {css lsa lsi quant textanalysis},
  NUMBER = {6},
  PAGES = {391--407},
  TITLE = {Indexing by Latent Semantic Analysis},
  VOLUME = {41},
}

@INPROCEEDINGS{Hofmann1999,
  AUTHOR = {Hofmann, Thomas},
  LOCATION = {Stockholm, Sweden},
  PUBLISHER = {Morgan Kaufmann Publishers Inc.},
  URL = {http://dl.acm.org/citation.cfm?id=2073796.2073829},
  BOOKTITLE = {Proceedings of the Fifteenth Conference on Uncertainty in Artificial Intelligence},
  DATE = {1999},
  ISBN = {1-55860-614-9},
  PAGES = {289--296},
  SERIES = {UAI'99},
  TITLE = {Probabilistic Latent Semantic Analysis},
}

@INPROCEEDINGS{EvertHardie2011,
  AUTHOR = {Evert, Stefan and Hardie, Andrew},
  LOCATION = {Brimingham},
  ORGANIZATION = {University of Birmingham},
  BOOKTITLE = {Proceedings of the Corpus Linguistics 2011 conference},
  DATE = {2011},
  TITLE = {Twenty-first century {Corpus Workbench}: Updating a query architecture for the new millennium},
}

@INPROCEEDINGS{Rychly2007,
  AUTHOR = {Rychlý, Pavel},
  LOCATION = {Brno},
  ORGANIZATION = {Masaryk University},
  BOOKTITLE = {1st Workshop on Recent Advances in Slavonic Natural Language Processing},
  DATE = {2007},
  PAGES = {65--70},
  TITLE = {{M}anatee/{B}onito - A Modular Corpus Manager},
}

@ARTICLE{KrauseZeldes2016,
  AUTHOR = {Krause, Thomas and Zeldes, Amir},
  DATE = {2016},
  JOURNALTITLE = {Digital Scholarship in the Humanities 2016},
  NUMBER = {1},
  PAGES = {118--139},
  TITLE = {ANNIS3: A new architecture for generic corpus query and visualization},
  VOLUME = {31},
}

@INPROCEEDINGS{LuolahtiEa2017,
  AUTHOR = {Luotolahti, Juhani and Kanerva, Jenna and Ginter, Filip},
  ORGANIZATION = {University of Gothenburg},
  PUBLISHER = {Linköping University Electronic Press},
  BOOKTITLE = {Proceedings of the 21st Nordic Conference of Computational Linguistics},
  DATE = {2017},
  PAGES = {255--258},
  TITLE = {Dep\_search: Efficient Search Tool for Large Dependency Parsebanks},
}

@INCOLLECTION{Evert2008,
  AUTHOR = {Evert, Stefan},
  EDITOR = {Lüdeling, Anke and Kytö, Maria},
  LOCATION = {Berlin},
  PUBLISHER = {Mouton},
  BOOKTITLE = {Corpus Linguistics. An International Handbook},
  DATE = {2008},
  PAGES = {1212--1248},
  TITLE = {Corpora and collocations},
}

@INCOLLECTION{Firth1957,
  AUTHOR = {Firth, John Rupert},
  LOCATION = {Oxford},
  PUBLISHER = {The Philological Society},
  BOOKTITLE = {Studies in Linguistic Analysis},
  DATE = {1957},
  PAGES = {1--32},
  TITLE = {A Synopsis of Linguistic Theory 1930--55},
}

@INCOLLECTION{Sinclair1966,
  AUTHOR = {Sinclair, John},
  EDITOR = {Bazell, Charles E. and Catford, John C. and Halliday, Michael A. K. and Robins, Robert H.},
  LOCATION = {London},
  PUBLISHER = {Longmans},
  BOOKTITLE = {In Memory of {J}. {R}. {F}irth},
  DATE = {1966},
  PAGES = {410--430},
  TITLE = {Beginning the Study of Lexis},
}

@THESIS{Evert2004,
  AUTHOR = {Evert, Stefan},
  INSTITUTION = {IMS, University of Stuttgart},
  LOCATION = {Stuttgart},
  DATE = {2004},
  TITLE = {The Statistics of Word Cooccurrences: Word Pairs and Collocations},
  TYPE = {phdthesis},
}

@INCOLLECTION{GriesStefanowitsch2004,
  AUTHOR = {Gries, {Stefan Th.} and Stefanowitsch, Anatol},
  EDITOR = {Achard, Michel and Kemmer, Suzanne},
  LOCATION = {Stanford, CA},
  PUBLISHER = {CSLI},
  BOOKTITLE = {Language, Culture, and Mind},
  DATE = {2004},
  PAGES = {225--236},
  TITLE = {Co-varying collexemes in the into-causative},
}

@ARTICLE{StefanowitschGries2005,
  AUTHOR = {Stefanowitsch, Anatol and Gries, {Stefan Th.}},
  DATE = {2005},
  JOURNALTITLE = {Corpus Linguistics and Linguistic Theory},
  NUMBER = {1},
  PAGES = {1--43},
  TITLE = {Co-varying collexemes},
  VOLUME = {1},
}

@ARTICLE{Kilgarriff2005,
  AUTHOR = {Kilgarriff, Adam},
  DATE = {2005},
  JOURNALTITLE = {Corpus Linguistics and Linguistic Theory},
  NUMBER = {2},
  PAGES = {263--276},
  TITLE = {Language is Never, Ever, Ever, Random},
  VOLUME = {1},
}

@ARTICLE{Evert2006,
  AUTHOR = {Evert, Stefan},
  DATE = {2006},
  JOURNALTITLE = {Zeitschrift für Anglistik und Amerikanistik},
  NUMBER = {2},
  PAGES = {177--190},
  TITLE = {How Random is a Corpus? {T}he Library Metaphor},
  VOLUME = {54},
}

@ARTICLE{Gigerenzer2004,
  AUTHOR = {Gigerenzer, Gerd},
  DATE = {2004},
  JOURNALTITLE = {The Journal of Socio-Economics},
  PAGES = {587--606},
  TITLE = {Mindless Statistics},
  VOLUME = {33},
}

@ARTICLE{GreenlandEa2016,
  AUTHOR = {Greenland, Sander and Senn, Stephen J. and Rothman, Kenneth J. and Carlin, John B. and Poole, Charles and Goodman, Steven N. and Altman, Douglas G.},
  DATE = {2016},
  JOURNALTITLE = {European Journal of Epidemiology},
  PAGES = {337--350},
  TITLE = {Statistical tests, {P} values, confidence intervals, and power: a guide to misinterpretations},
  VOLUME = {31},
}

@ARTICLE{Ioannidis2000,
  AUTHOR = {Ioannidis, John P. A.},
  DATE = {2005},
  JOURNALTITLE = {PLos med},
  NUMBER = {8},
  PAGES = {e124},
  TITLE = {Why most published research findings are false},
  VOLUME = {2},
}

@BOOK{Lehmann2011,
  AUTHOR = {Lehmann, Erich L.},
  LOCATION = {New York, NY},
  PUBLISHER = {Springer},
  DATE = {2011},
  TITLE = {{F}isher, {N}eyman, and the creation of classical statistics},
}

@BOOK{Mayo1996,
  AUTHOR = {Mayo, Deborah G.},
  PUBLISHER = {University of Chicago Press},
  URL = {https://books.google.de/books?id=xV38RylOu5UC},
  DATE = {1996},
  ISBN = {9780226511986},
  SERIES = {Science and Its Conceptual Foundations series},
  TITLE = {Error and the Growth of Experimental Knowledge},
}

@ARTICLE{MayoSpanos2004,
  AUTHOR = {Mayo, Deborah G. and Spanos, Aris},
  DATE = {2006},
  JOURNALTITLE = {The British Journal for the Philosophy of Science},
  PAGES = {323--357},
  TITLE = {Severe Testing as a Basic Concept in a {N}eyman--{P}earson Philosophy of Induction},
  VOLUME = {57},
}

@BOOK{MayoEa2009,
  EDITOR = {Mayo, Deborah G.},
  LOCATION = {Cambridge},
  PUBLISHER = {{C}ambridge {U}niversity {P}ress},
  DATE = {2009},
  TITLE = {Error and Inference: Recent Exchanges on Experimental Reasoning, Reliability, and the Objectivity and Rationality of Science},
}

@ARTICLE{Perezgonzalez2015,
  AUTHOR = {Perezgonzalez, Jose D.},
  DATE = {2015},
  JOURNALTITLE = {Frontiers in Psychology},
  NUMBER = {223},
  PAGES = {1--11},
  TITLE = {{F}isher, {N}eyman-{P}earson or {NHST}? {A} tutorial for teaching data testing},
  VOLUME = {6},
}

@ARTICLE{Senn2001,
  AUTHOR = {Senn, Stephen J.},
  DATE = {2001},
  JOURNALTITLE = {Journal of Epidemiology and Biostatistics},
  NUMBER = {2},
  PAGES = {193--204},
  TITLE = {Two cheers for {P}-values},
  VOLUME = {6},
}

@ARTICLE{LaippalaEa2015,
  AUTHOR = {Laippala, Veronika and Kanerva, Jenna and Ginter, Filip},
  DATE = {2015},
  JOURNALTITLE = {Procedia},
  PAGES = {233--241},
  TITLE = {Syntactic {N}-grams as key structures reflecting typical syntactic patterns of corpora in {F}innish},
  VOLUME = {198},
}

@ARTICLE{LaippalaEa2017,
  AUTHOR = {Laippala, Veronika and Kyröläinen, Aki-Juhani and Kanerva, Jenna and Luotolahti, Juhani and Ginter, Filip},
  DATE = {2017},
  JOURNALTITLE = {Journal of Estonian and Finnp-Ugric Linguistics},
  NUMBER = {2},
  PAGES = {127--153},
  TITLE = {Dependency profiles as a tool for big data analysis of linguistic constructions: a case study of emoticons},
  VOLUME = {8},
}

@INCOLLECTION{Stefanowtisch2014,
  AUTHOR = {Stefanowitsch, Anatol},
  EDITOR = {Herbst, Thomas and Schmid, Hans-Jörg and Faulhaber, Susen},
  LOCATION = {Berlin/Boston},
  PUBLISHER = {De Gruyter},
  BOOKTITLE = {Constructions Collocations Patterns},
  DATE = {2014},
  TITLE = {Collostructional analysis: A case study of the {E}nglish into-causative},
}

@ARTICLE{Kilgarriff2001,
  AUTHOR = {Kilgarriff, Adam},
  DATE = {2001},
  JOURNALTITLE = {International Journal of Corpus Linguistics},
  NUMBER = {1},
  PAGES = {97--133},
  TITLE = {Comparing Corpora},
  VOLUME = {6},
}

@INPROCEEDINGS{Eckart-ea2012,
  AUTHOR = {Eckart, Thomas and Quasthoff, Uwe and Goldhahn, Dirk},
  LOCATION = {Istanbul},
  BOOKTITLE = {Proceedings of {LREC 08}},
  DATE = {2012},
  PAGES = {2318--2321},
  TITLE = {The Influence of Corpus Quality on Statistical Measurements of Language Resources},
}

@INCOLLECTION{Grzybek2007,
  AUTHOR = {Grzybek, Peter},
  EDITOR = {Grzybek, Peter},
  LOCATION = {Dordrecht},
  PUBLISHER = {Springer},
  BOOKTITLE = {Contributions to the Science of Text and Language. {W}ord Length Studies and Related Issues},
  DATE = {2007},
  PAGES = {15--90},
  TITLE = {History and methodology of word length studies},
}

@ARTICLE{Best2001,
  AUTHOR = {Best, Karl-Heinz},
  DATE = {2001},
  JOURNALTITLE = {Journal of Quantitative Linguistics},
  NUMBER = {1},
  PAGES = {1--11},
  TITLE = {Probability Distributions of Language Entities},
  VOLUME = {8},
}

@INCOLLECTION{Best2005,
  AUTHOR = {Best, Karl-Heinz},
  EDITOR = {Köhler, Reinhard and Altmann, Gabriel and Piotrowski, Rajmund G.},
  LOCATION = {Berlin/New York},
  PUBLISHER = {de Gruyter},
  BOOKTITLE = {{Q}uantitative {L}inguistik. {E}in internationales {H}andbuch},
  CHAPTER = {22},
  DATE = {2005},
  PAGES = {298--304},
  SERIES = {{H}andbücher zur {S}prach- und {K}ommunikationswissenschaft},
  TITLE = {Satzlänge},
  VOLUME = {27},
}

@ARTICLE{EdmundsonWyllys1961,
  AUTHOR = {Edmundson, H. P. and Wyllys, R. E.},
  DATE = {1961},
  JOURNALTITLE = {Communications of the ACM},
  NUMBER = {5},
  PAGES = {226--234},
  TITLE = {Automatic Abstracting and Indexing. Survey and Recommendations},
  VOLUME = {4},
}

@ARTICLE{Damerau1993,
  AUTHOR = {Damerau, Fred J.},
  DATE = {1993},
  JOURNALTITLE = {Information Processing \& Management},
  NUMBER = {4},
  PAGES = {433--447},
  TITLE = {Generating and evaluating domain-oriented multi-word terms from texts},
  VOLUME = {29},
}

@INPROCEEDINGS{Kilgarriff2012,
  AUTHOR = {Kilgarriff, Adam},
  EDITOR = {Sojka, Petr and Horák, Aleŝ and Kopeĉek, Ivan and Pala, Karel},
  LOCATION = {Heidelberg},
  PUBLISHER = {Springer},
  BOOKTITLE = {Text, Speech and Dialogue - 15th International Conference, TSD 2012, Brno, Czech Republic, September 3-7, 2012. Proceedings},
  DATE = {2012},
  PAGES = {3--15},
  TITLE = {Getting to Know Your Corpus},
}

@BOOK{Yule1944,
  AUTHOR = {Yule, {G. Udny}},
  LOCATION = {Cambridge},
  PUBLISHER = {Cambridge University Press},
  DATE = {1944},
  TITLE = {The statistical study of literary vocabulary},
}

@BOOK{HoflandJohansson1982,
  AUTHOR = {Hofland, Knut and Johansson, Stig},
  LOCATION = {Bergen},
  PUBLISHER = {The Norwegian Computiing Cente for the Humanities},
  DATE = {1982},
  TITLE = {Word frequencies in {B}ritish and {American} {English}},
}

@ARTICLE{Scott1997,
  AUTHOR = {Scott, Mike},
  DATE = {1997},
  JOURNALTITLE = {System},
  NUMBER = {2},
  PAGES = {233--245},
  TITLE = {{PC} analysis of key words - and key key words},
  VOLUME = {25},
}

@INCOLLECTION{Scott2001,
  AUTHOR = {Scott, Mike},
  EDITOR = {Ghadessy, Mohsen and Henry, Alex and Roseberry, {Robert L.}},
  LOCATION = {Amsterdam and Philadelphia},
  PUBLISHER = {Benjamins},
  BOOKTITLE = {Small Corpus Studies and {ELT}},
  DATE = {2001},
  PAGES = {47--67},
  TITLE = {Comparing corpora and identifying keywords, collocations, frequency distributions through the {W}ord{S}mith {T}ools suite of computer programs},
}

@ARTICLE{SparckJones1972,
  AUTHOR = {{Spärck Jones}, Karen},
  DATE = {1972},
  JOURNALTITLE = {Journal of Documentatio},
  NUMBER = {1},
  PAGES = {11--21},
  TITLE = {A statistical interpretation of term specificity and its application in retrieval},
  VOLUME = {28},
}

@ARTICLE{BiemannEa2013,
  AUTHOR = {Biemann, Chris and Bildhauer, Felix and Evert, Stefan and Goldhahn, Dirk and Quasthoff, Uwe and Schäfer, Roland and Simon, Johannes and Swiezinski, Leonard and Zesch, Torsten},
  DATE = {2013},
  JOURNALTITLE = {Journal for Language Technology and Computational Linguistics},
  NUMBER = {2},
  PAGES = {23--60},
  TITLE = {Scalable Construction of High-Quality Web Corpora},
  VOLUME = {28},
}

@INCOLLECTION{LandauerDumais1994,
  AUTHOR = {Landauer, Thomas K. and Dumais, Susan T.},
  EDITOR = {Kaplan, Ronald M. and Burstein, Jill C.},
  LOCATION = {Princeton, NJ},
  PUBLISHER = {Educational Testing Service},
  BOOKTITLE = {Educational testing service conference on natural language processing techniques and technology in assessment and education},
  DATE = {1994},
  TITLE = {Latent semantic analysis and the measurement of knowledge},
}

@ARTICLE{LandauerDumais1997,
  AUTHOR = {Landauer, Thomas K. and Dumais, Susan T.},
  DATE = {1997},
  JOURNALTITLE = {Psychological Review},
  NUMBER = {2},
  PAGES = {211--240},
  TITLE = {A solution to Plato's problem: the Latent Semantic Analysis theory of acquisition, induction and representation of knowledge},
  VOLUME = {104},
}

@INCOLLECTION{KarlgrenSahlgren2001,
  AUTHOR = {Karlgren, Jussi and Sahlgren, Magnus},
  EDITOR = {Yoshinori Uesaka, Pentti Kanerva and Asoh, Hideki},
  LOCATION = {Stanford},
  PUBLISHER = {CSLI Publications},
  BOOKTITLE = {Foundations of Real-World Intelligence},
  DATE = {2001},
  PAGES = {294--308},
  TITLE = {From Words to Understanding},
}

@INPROCEEDINGS{JurgensStevens2010,
  AUTHOR = {Jurgens, David and Stevens, Keith},
  LOCATION = {Uppsala, Sweden},
  PUBLISHER = {Association for Computational Linguistics},
  URL = {http://dl.acm.org/citation.cfm?id=1858933.1858939},
  BOOKTITLE = {Proceedings of the ACL 2010 System Demonstrations},
  DATE = {2010},
  PAGES = {30--35},
  SERIES = {ACLDemos '10},
  TITLE = {The S-Space Package: An Open Source Package for Word Space Models},
}

@ARTICLE{NeymanPearson1933,
  AUTHOR = {Neyman, Jerzy and Pearson, Egon S.},
  DATE = {1933},
  JOURNALTITLE = {Philosophical Transactions of the Royal Society A},
  PAGES = {694--706},
  TITLE = {On the Problem of the Most Efficient Tests of Statistical Hypotheses},
  VOLUME = {231},
}

@ARTICLE{Freedman1999,
  AUTHOR = {Freedman, David},
  DATE = {1999},
  JOURNALTITLE = {The Annals of Statistics},
  NUMBER = {4},
  PAGES = {1119--1140},
  TITLE = {On the {B}ernstein-von {M}ises theorem with infinite-dimensional parameters},
  VOLUME = {27},
}

@ARTICLE{Senn2011,
  AUTHOR = {Senn, Stepen J.},
  DATE = {2011},
  JOURNALTITLE = {Rationality, Markets, and Morals},
  PAGES = {48--66},
  TITLE = {You May Believe You Are a {B}ayesian But You Are Probably Wrong},
  VOLUME = {2},
}

@BOOK{Chalmers2013,
  AUTHOR = {Chalmers, Alan},
  PUBLISHER = {University of Queensland Press},
  URL = {https://books.google.de/books?id=3yp5ImQsB94C},
  DATE = {2013},
  EDITION = {4},
  ISBN = {9780702250873},
  TITLE = {What Is This Thing Called Science?},
}

@BOOK{Agresti2013,
  AUTHOR = {Agresti, Alan},
  LOCATION = {Hoboken},
  PUBLISHER = {Wiley},
  DATE = {2013},
  EDITION = {3},
  TITLE = {Categorical Data Analysis},
}

@BOOK{FahrmeirEa2013,
  AUTHOR = {Fahrmeir, Ludwig and Kneib, Thomas and Lang, Stefan and Marx, Brian},
  LOCATION = {Berlin etc.},
  PUBLISHER = {Springer},
  DATE = {2013},
  TITLE = {Regression -- Models, Methods, and Application},
}

@BOOK{MaxwellDelaney2004,
  AUTHOR = {Maxwell, Scott E. and Delaney, Harold D.},
  LOCATION = {Mahwah and London},
  PUBLISHER = {Earlbaum},
  DATE = {2004},
  EDITION = {2},
  TITLE = {Designing experiments and analyzing data. {A} model comparison perspective},
}

@BOOK{ZuurEa2009,
  AUTHOR = {Zuur, Alain F. and Ieno, Elena N. and Walker, Neil and Saveliev, Anatoly A. and Smith, Graham M.},
  LOCATION = {Berlin etc.},
  PUBLISHER = {Springer},
  DATE = {2009},
  TITLE = {Mixed Effects Models and Extensions in Ecology with {R}},
}

@BOOK{Fox2016,
  AUTHOR = {Fox, John},
  LOCATION = {London},
  PUBLISHER = {Sage Publications},
  DATE = {2016},
  EDITION = {3},
  TITLE = {Applied Regression Analysis \& Generalized Linear Models},
}

@PROCEEDINGS{WAC3,
  EDITOR = {Fairon, Cédrick and Naets, Hubert and Kilgarriff, Adam and de Schryver, Gilles-Maurice},
  LOCATION = {Louvain},
  PUBLISHER = {Presses universitaires de Louvain},
  DATE = {2007},
  TITLE = {Building and Exploring Web Corpora: {Proceedings} of the 3rd {Web as Corpus} Workshop (Incorporating {CLEANEVAL})},
}

@BOOK{Hundt-ea2007-ed,
  EDITOR = {Hundt, Marianne and Nesselhauf, Nadja and Biewer, Carolin},
  LOCATION = {Amsterdam and New York},
  PUBLISHER = {Rodopi},
  BOOKTITLE = {Corpus linguistics and the web},
  DATE = {2007},
  TITLE = {Corpus linguistics and the web},
}

@COMMENT{-*- coding: utf-8 -*-}
@COMMENT{BibDesk Static Groups{ <?xml version="1.0" encoding="UTF-8"?> <!DOCTYPE plist PUBLIC "-//Apple//DTD PLIST 1.0//EN" "http://www.apple.com/DTDs/PropertyList-1.0.dtd"> <plist version="1.0"> <array> <dict> <key>group name</key> <string>CL-Textsorten</string> <key>keys</key> <string>Dehmer-ea2006,Petrenz2012,Sebastiani2002,Sebastiani2005,Rehm2002,PoudatCleuziouClavier2006,Rehm2008,Stamatatos-ea2000,KesslerNunbergSchuetze1997,LeeMyaeng2002,FinnKushmerick2006,FreundClarkToms2006,Rehm2005,FerizisBailey2006,Rehm2006,KarlgrenCutting1994</string> </dict> <dict> <key>group name</key> <string>Grundkurs</string> <key>keys</key> <string>Meibauer2007,Luedeling2009,Linke-ea2004</string> </dict> <dict> <key>group name</key> <string>HPSG-HU</string> <key>keys</key> <string>GinzburgSag2000,SWB2003,PS94,HN94a,Mueller2013a,Pullum2007,SagWasow2007,Bildhauer2014,MuellerLehrbuch3,BondiScott-ed2010,Scott2010,StefanowitschFischer-2008ed,Stefanowitsch2008</string> </dict> <dict> <key>group name</key> <string>Textsorten-Genres-Register</string> <key>keys</key> <string>Mackeldey1990,Grosse1976,FandrychThurmair2011,Janich-ed2008,HallidayHasan1985,Stamatatos-ea2000,HSK-16_1,FixHabscheidKlein-ed2007,Isenberg1970,PoudatCleuziouClavier2006,BeaugrandeDressler1981,Dimter1981,Mistrik1973,BiberFinegan1994,BiberConrad2009,Heinemann1990,Brinker2014,KarlgrenCutting1994,GuelichRaible-ed1972,Habscheid2011,HagemannSager-ed2003,MehlerSharoffSantini-ed2010,Vater2005,Rolf1993,Diewald1991,Biber1988,GanselJuergens2009,Dehmer-ea2006,Sebastiani2005,Franke1987,Swales1990,Lee2001,HeinemannViehweger1991,Trosborg1997,Stede2007,Adamzik2008,HausendorfKesselheim2008,Paltridge1995,Heinemann2000b</string> </dict> </array> </plist> }}
@COMMENT{BibDesk Smart Groups{ <?xml version="1.0" encoding="UTF-8"?> <!DOCTYPE plist PUBLIC "-//Apple//DTD PLIST 1.0//EN" "http://www.apple.com/DTDs/PropertyList-1.0.dtd"> <plist version="1.0"> <array> <dict> <key>conditions</key> <array> <dict> <key>comparison</key> <integer>2</integer> <key>key</key> <string>Author</string> <key>value</key> <string>Bildhauer</string> <key>version</key> <string>1</string> </dict> </array> <key>conjunction</key> <integer>0</integer> <key>group name</key> <string>Bildhauer</string> </dict> </array> </plist> }}
